<?xml version="1.0" encoding="UTF-8"?><collection xmlns="http://www.loc.gov/MARC21/slim"><record><leader>00367nam--2200109-i-4500</leader><controlfield tag="001">000032057</controlfield><controlfield tag="002">20161230</controlfield><controlfield tag="005">20161230201039</controlfield><controlfield tag="008">060222s1000------------r-----000-0-eng-d</controlfield><datafield ind1=" " ind2=" " tag="245"><subfield code="a">Manufacturing engineering and materials processing. vol.8. modern ceramic engineering. properties, processing and use in design</subfield></datafield><datafield ind1=" " ind2=" " tag="260"><subfield code="a">New York, Marcel Dekker, Inc., 1982</subfield></datafield><datafield ind1=" " ind2=" " tag="852"><subfield code="a">74355</subfield></datafield></record></collection>